%% LaTeX2e file `shortbib.bib'
%% generated by the `filecontents' environment
%% from source `References2' on 2010/03/04.
%%
@ARTICLE{supercurves,
    AUTHOR={Minghui Xia},
    TITLE={Image Registration by "Super-Curves"},
    JOURNAL={IEEE Transactions on Image Processing},
    YEAR={1985},
   VOLUME = {13},
    PAGES={720},
}
