@ARTICLE{supercurves,
    AUTHOR={Minghui Xia},
    TITLE={Image Registration by "Super-Curves"},
    JOURNAL={IEEE Transactions on Image Processing},
    YEAR={1985},
	VOLUME = {13},
    PAGES={720},
}
